%1- 2024 - Task-Oriented Dialogue with In-Context Learning
@article{bocklisch2024task,
  title={Task-oriented dialogue with in-context learning},
  author={Bocklisch, Tom and Werkmeister, Thomas and Varshneya, Daksh and Nichol, Alan},
  journal={arXiv preprint arXiv:2402.12234},
  year={2024}
}

%2 -2024 - InstructTODS- Large Language Models for End-to-End Task-Oriented Dialogue Systems
@article{chung2023instructtods,
  title={Instructtods: Large language models for end-to-end task-oriented dialogue systems},
  author={Chung, Willy and Cahyawijaya, Samuel and Wilie, Bryan and Lovenia, Holy and Fung, Pascale},
  journal={arXiv preprint arXiv:2310.08885},
  year={2023}
}


%3- 2024 - DIALIGHT- Lightweight Multilingual Development and Evaluation of Task-Oriented Dialogue Systems with Large Language Models
@article{hu2024dialight,
  title={DIALIGHT: Lightweight Multilingual Development and Evaluation of Task-Oriented Dialogue Systems with Large Language Models},
  author={Hu, Songbo and Wang, Xiaobin and Yuan, Zhangdie and Korhonen, Anna and Vuli{\'c}, Ivan},
  journal={arXiv preprint arXiv:2401.02208},
  year={2024}
}

%4- 2024- Reliable LLM-based User Simulator for Task-Oriented Dialogue Systems
@article{sekulic2024reliable,
  title={Reliable LLM-based user simulator for task-oriented dialogue systems},
  author={Sekuli, Ivan and Terragni, Silvia and Guimares, Victor and Khau, Nghia and Guedes, Bruna and Filipavicius, Modestas and Manso, Andr Ferreira and Mathis, Roland},
  journal={arXiv preprint arXiv:2402.13374},
  year={2024}
}

%5- 2024 - Simulating Task-Oriented Dialogues with State Transition Graphs and Large Language Modls
@article{samarinas2024simulating,
  title={Simulating Task-Oriented Dialogues with State Transition Graphs and Large Language Models},
  author={Samarinas, Chris and Promthaw, Pracha and Nijasure, Atharva and Zeng, Hansi and Killingback, Julian and Zamani, Hamed},
  journal={arXiv preprint arXiv:2404.14772},
  year={2024}
}

%6- 2022 - Building a Personalized Dialogue System with Prompt-Tuning
@article{kasahara2022building,
  title={Building a personalized dialogue system with prompt-tuning},
  author={Kasahara, Tomohito and Kawahara, Daisuke and Tung, Nguyen and Li, Shengzhe and Shinzato, Kenta and Sato, Toshinori},
  journal={arXiv preprint arXiv:2206.05399},
  year={2022}
}

%7 - 2022 - XDAI- A Tuning-free Framework for Exploiting Pre-trained Language Models in Knowledge Grounded Dialogue Generation
@inproceedings{yu2022xdai,
  title={XDAI: A tuning-free framework for exploiting pre-trained language models in knowledge grounded dialogue generation},
  author={Yu, Jifan and Zhang, Xiaohan and Xu, Yifan and Lei, Xuanyu and Guan, Xinyu and Zhang, Jing and Hou, Lei and Li, Juanzi and Tang, Jie},
  booktitle={Proceedings of the 28th ACM SIGKDD Conference on Knowledge Discovery and Data Mining},
  pages={4422--4432},
  year={2022}
}

%8 - 2021 - Few-Shot Bot- Prompt-Based Learning for Dialogue Systems
@article{madotto2021few,
  title={Few-shot bot: Prompt-based learning for dialogue systems},
  author={Madotto, Andrea and Lin, Zhaojiang and Winata, Genta Indra and Fung, Pascale},
  journal={arXiv preprint arXiv:2110.08118},
  year={2021}
}

%9 - 2024 - Right to be forgotten in the Era of large language models- implications, challenges, and solutions
@article{zhang2024right,
  title={Right to be forgotten in the era of large language models: Implications, challenges, and solutions},
  author={Zhang, Dawen and Finckenberg-Broman, Pamela and Hoang, Thong and Pan, Shidong and Xing, Zhenchang and Staples, Mark and Xu, Xiwei},
  journal={AI and Ethics},
  pages={1--10},
  year={2024},
  publisher={Springer}
}

%10 - 2020 The Potential of using Twitter as a Data Source for User Profiling
@article{shanaz2020potential,
  title={The Potential of using Twitter as a Data Source for User Profiling in News Recommendation},
  author={Shanaz, Fathima},
  journal={Int J Innov Res ComputCommun Eng. IJIRCCE},
  volume={8},
  number={4},
  year={2020}
}

%11- 2021 User Profiling in Recommender Systems
@article{peterson2021user,
  title={User Profiling in Recommender Systems},
  author={Peterson, Jacob},
  year={2021}
}


%12- 2022 A model for generating a user dynamic profile on social media
@article{azzam2022model,
  title={A model for generating a user dynamic profile on social media},
  author={Azzam, Fatima and Kayed, Mohammed and Ali, Abdelmgied},
  journal={Journal of King Saud University-Computer and Information Sciences},
  volume={34},
  number={10},
  pages={9132--9145},
  year={2022},
  publisher={Elsevier}
}

%13- 2023 A Knowledge based Approach for User Profiling from the Multilingual
@inproceedings{nag2023knowledge,
  title={A Knowledge based Approach for User Profiling from the Multilingual Texts in the Social Media Platforms},
  author={Nag, Shubhadip and Dalui, Sayantan and Ghosh, Sagnik and Pal, Ranjan and Pal, Antara and others},
  booktitle={2023 International Conference on Intelligent and Innovative Technologies in Computing, Electrical and Electronics (IITCEE)},
  pages={750--754},
  year={2023},
  organization={IEEE}
}

%14- 2023 UserProfilingthroughSocialMediaAnalytics
@article{jabeenuser,
  title={User Profiling through Social Media Analytics},
  author={Jabeen, Saffana and Iqbal, Zeshan and Nida, Nudrat}
}

%15 - 2020 Movie Recommendation System using Cosine Similarity and KNN
@article{singh2020movie,
  title={Movie recommendation system using cosine similarity and KNN},
  author={Singh, Ramni Harbir and Maurya, Sargam and Tripathi, Tanisha and Narula, Tushar and Srivastav, Gaurav},
  journal={International Journal of Engineering and Advanced Technology},
  volume={9},
  number={5},
  pages={556--559},
  year={2020}
}

% 16 - 2023 Hybrid recommendation by incorporating the sentiment of product reviews
@article{elahi2023hybrid,
  title={Hybrid recommendation by incorporating the sentiment of product reviews},
  author={Elahi, Mehdi and Kholgh, Danial Khosh and Kiarostami, Mohammad Sina and Oussalah, Mourad and Saghari, Sorush},
  journal={Information Sciences},
  volume={625},
  pages={738--756},
  year={2023},
  publisher={Elsevier}
}

%17 - 2023 An Item-based Collaborative Filtering Approach for Movie Recommendation System
@inproceedings{dwivedi2023item,
  title={An Item-based Collaborative Filtering Approach for Movie Recommendation System},
  author={Dwivedi, Pulkit and Islam, Benazir},
  booktitle={2023 10th International Conference on Computing for Sustainable Global Development (INDIACom)},
  pages={153--158},
  year={2023},
  organization={IEEE}
}

%18 - 2015 A diversity-promoting objective function for neural conversation models (Distinct-n)
@article{li2015diversity,
  title={A diversity-promoting objective function for neural conversation models},
  author={Li, Jiwei and Galley, Michel and Brockett, Chris and Gao, Jianfeng and Dolan, Bill},
  journal={arXiv preprint arXiv:1510.03055},
  year={2015}
}


%20 - 2023 Ragas: Automated evaluation of retrieval augmented generation
@article{es2023ragas,
  title={Ragas: Automated evaluation of retrieval augmented generation},
  author={Es, Shahul and James, Jithin and Espinosa-Anke, Luis and Schockaert, Steven},
  journal={arXiv preprint arXiv:2309.15217},
  year={2023}
}


%others: 

%21 - ablation study
%2024 - Scalable Data Ablation Approximations for Language Model
@article{na2024scalable,
  title={Scalable data ablation approximations for language models through modular training and merging},
  author={Na, Clara and Magnusson, Ian and Jha, Ananya Harsh and Sherborne, Tom and Strubell, Emma and Dodge, Jesse and Dasigi, Pradeep},
  journal={arXiv preprint arXiv:2410.15661},
  year={2024}
}

%22 - Different Types of Recommendation Systems (Rule-Based, ML-Based, LLM-Based) 
%2024 - An LLM-based Recommender System Environment
@article{corecco2024evolution,
  title = {An LLM-based Recommender System Environment},
  author = {Corecco, Nathan and Piatti, Giorgio and Lanzend√∂rfer, Luca and Fan, Flint Xiaofeng and Wattenhofer, Roger},
  journal={arXiv preprint arXiv:2307.04567},
  year={2024},
  doi = {10.48550/arXiv.2406.01631}
}
@article{fan2024recommender,
  title={Recommender systems in the era of large language models (llms)},
  author={Fan, Wenqi},
  journal={IEEE Transactions on Knowledge and Data Engineering},
  pages={1--20},
  year={2024},
  publisher={IEEE Computer Society}
}

%23 - cold start issue definition
%2023 - User cold start problem in recommendation systems: A systematic review
@article{yuan2023user,
  title={User cold start problem in recommendation systems: A systematic review},
  author={Yuan, Hongli and Hernandez, Alexander A},
  journal={IEEE access},
  volume={11},
  pages={136958--136977},
  year={2023},
  publisher={IEEE}
}


%24 - item based collaborative filtering
%2023 - Boosting the item-based collaborative filtering model with novel similarity measures
@article{abdalla2023boosting,
  title={Boosting the item-based collaborative filtering model with novel similarity measures},
  author={Abdalla, Hassan I and Amer, Ali A and Amer, Yasmeen A and Nguyen, Loc and Al-Maqaleh, Basheer},
  journal={International Journal of Computational Intelligence Systems},
  volume={16},
  number={1},
  pages={123},
  year={2023},
  publisher={Springer}
}


%25 - Sementic analysis
%2024 - Towards resource-aware dialogue systems and sentiment analysis
@article{pandelea2024towards,
  title={Towards resource-aware dialogue systems and sentiment analysis},
  author={Pandelea, Vlad},
  year={2024},
  publisher={Nanyang Technological University}
}

%26 - Zero and Few-shot learning
%2023 - Zero-shot and few-shot learning with knowledge graphs: A comprehensive survey
@article{chen2023zero,
  title={Zero-shot and few-shot learning with knowledge graphs: A comprehensive survey},
  author={Chen, Jiaoyan and Geng, Yuxia and Chen, Zhuo and Pan, Jeff Z and He, Yuan and Zhang, Wen and Horrocks, Ian and Chen, Huajun},
  journal={Proceedings of the IEEE},
  volume={111},
  number={6},
  pages={653--685},
  year={2023},
  publisher={IEEE}
}

%27 - Compeletion and success rate as LLM evluation metric
%2024 - Beyond perplexity: Multi-dimensional safety evaluation of llm compression
@article{xu2024beyond,
  title={Beyond perplexity: Multi-dimensional safety evaluation of llm compression},
  author={Xu, Zhichao and Gupta, Ashim and Li, Tao and Bentham, Oliver and Srikumar, Vivek},
  journal={arXiv preprint arXiv:2407.04965},
  year={2024}
}

%28 - 2024 ConSiDERS-The-Human Evaluation Framework: Rethinking Human Evaluation for Generative Large Language Models
@article{elangovan2024considers,
  title={Considers-the-human evaluation framework: Rethinking human evaluation for generative large language models},
  author={Elangovan, Aparna and Liu, Ling and Xu, Lei and Bodapati, Sravan and Roth, Dan},
  journal={arXiv preprint arXiv:2405.18638},
  year={2024}
}

% 29 - 2024 Artificial intelligence governance: Ethical considerations and implications for social responsibility
@article{camilleri2024artificial,
  title={Artificial intelligence governance: Ethical considerations and implications for social responsibility},
  author={Camilleri, Mark Anthony},
  journal={Expert systems},
  volume={41},
  number={7},
  pages={e13406},
  year={2024},
  publisher={Wiley Online Library}
}
